@misc{kalilinux,
author = {Kali},
url = {http://docs.kali.org/introduction/what-is-kali-linux},
year = {2017},
}

@misc{collectd,
author = {Collectd},
url = {https://collectd.org/},
year = {2017},
}

@misc{xenserver,
author = {XenServer},
url = {https://xenserver.org/about-xenserver-open-source.html},
year = {2017}
}

@online{mikelococo,
author = {Mike Lococo},
title = {Capacity Planning for Snort IDS},
year = {2011},
url = {http://mikelococo.com/2011/08/snort-capacity-planning/},
}

@online{zabbix,
author = {Zabbix},
year = {2017},
url = {http://www.zabbix.com/},
}


