@misc{kalilinux,
author = {Kali},
url = {http://docs.kali.org/introduction/what-is-kali-linux},
year = {2017},
}

@misc{collectd,
author = {Collectd},
url = {https://collectd.org/},
year = {2017},
}

@misc{xenserver,
author = {XenServer},
url = {https://xenserver.org/about-xenserver-open-source.html},
year = {2017}
}

@online{mikelococo,
author = {Mike Lococo},
title = {Capacity Planning for Snort IDS},
year = {2011},
url = {http://mikelococo.com/2011/08/snort-capacity-planning/},
}

@online{zabbix,
author = {Zabbix},
year = {2017},
url = {http://www.zabbix.com/},
}

@online{openxenmanager,
author = {Daniel Lintott},
year = {2017},
url = {https://github.com/OpenXenManager/openxenmanager},
}

@online{debianwheezy,
author = {Debian},
year = {2017},
url = {http://www.debian.org/},
}

@online{py-idstools,
author = {IDSTools},
year = {2017},
url = {https://github.com/jasonish/py-idstools},
}

@online{kibana,
author = {Elastic},
year = {2017},
url = {https://www.elastic.co/guide/en/kibana/current/introduction.html},
}

@online{elasticsearch,
author = {Elastic},
year = {2017},
url = {https://www.elastic.co/guide/en/elasticsearch/reference/current/getting-started.html},
}

@online{logstach,
author = {Elastic},
year = {2017},
url = {https://www.elastic.co/guide/en/logstash/current/introduction.html},
}

@online{nmap,
author = {Nmap},
year = {2017},
url = {https://nmap.org/},
}

@article{metasploit:yash,
 author = {Yash Arya and Ashwin Bhalotiya and Chranjeev Sharma and Vikas Kag and Shubhi Snaghvi},
 title = {A Study Of Metasploit Tool},
 year = {2016},
 journal = {International Journal Of Engineering Sciences \& Research Technology}
}

@article{esr-gestao,
 author = {Flavia Estelia Silva Coelho and Luiz Geraldo Segadas de Araujo and Edson Kowask Bezerra},
 title = {Gestão da Segurança da Informação - NBR 27001 e NBR 27002},
 year = {2014},
 journal = {Escola Superior de Redes - RNP}
}

@article{seg-redes-sistemas,
 author = {Ivo de Carvalho Peixinho and Francisco Marmo da Fonseca and Francisco Marcelo Marques Lima},
 title = {Segurança de Redes e Sistemas},
 year = {2013},
 journal = {Escola Superior de Redes - RNP}
}

@article{isoiec27002,
 author = {Associação Brasileira de Norma Técnicas},
 title = {NBR ISO/IEC 27002:2013},
 year = {2013},
 journal = {ABNT}
}
